<record><leader>00000cas a2200000 a 4500</leader><controlfield tag="001">28055168</controlfield><controlfield tag="008">930506d19551958caudn ne      0    0eng c</controlfield><datafield ind1=" " ind2=" " tag="010"><subfield code="a">sn 93053148 </subfield></datafield><datafield ind1=" " ind2=" " tag="040"><subfield code="a">CNK</subfield><subfield code="b">eng</subfield><subfield code="c">CNK</subfield><subfield code="d">OCLCQ</subfield><subfield code="d">OCLCF</subfield><subfield code="d">OCLCO</subfield></datafield><datafield ind1=" " ind2=" " tag="042"><subfield code="a">pcc</subfield></datafield><datafield ind1=" " ind2=" " tag="043"><subfield code="a">n-us-ca</subfield></datafield><datafield ind1="0" ind2=" " tag="130"><subfield code="a">Mountain View register-leader (Mountain View, Calif. : 1955)</subfield></datafield><datafield ind1="1" ind2="0" tag="245"><subfield code="a">Mountain View register-leader.</subfield></datafield><datafield ind1=" " ind2=" " tag="260"><subfield code="a">Mountain View, Calif. :</subfield><subfield code="b">Russell G. D'Oench</subfield></datafield><datafield ind1=" " ind2=" " tag="300"><subfield code="a">v.</subfield></datafield><datafield ind1=" " ind2=" " tag="310"><subfield code="a">Daily (Mon.-Fri.)</subfield></datafield><datafield ind1="0" ind2=" " tag="362"><subfield code="a">67th year, no. 11 (Jan. 17, 1955)-70th year, no. 152 (Aug. 5, 1958).</subfield></datafield><datafield ind1=" " ind2="0" tag="651"><subfield code="a">Mountain View (Calif.)</subfield><subfield code="v">Newspapers.</subfield></datafield><datafield ind1=" " ind2="7" tag="655"><subfield code="a">Newspapers.</subfield><subfield code="2">fast</subfield><subfield code="0">(OCoLC)fst01423814</subfield></datafield><datafield ind1=" " ind2="7" tag="651"><subfield code="a">California</subfield><subfield code="z">Mountain View.</subfield><subfield code="2">fast</subfield><subfield code="0">(OCoLC)fst01213955</subfield></datafield><datafield ind1=" " ind2=" " tag="752"><subfield code="a">United States</subfield><subfield code="b">California</subfield><subfield code="c">Santa Clara</subfield><subfield code="d">Mountain View.</subfield></datafield><datafield ind1="0" ind2="0" tag="780"><subfield code="t">Mountain View daily register</subfield><subfield code="w">(DLC)sn 93053147</subfield></datafield><datafield ind1="0" ind2="0" tag="785"><subfield code="t">Register leader (Mountain View, Calif.)</subfield><subfield code="w">(DLC)sn 93053149</subfield></datafield></record>